@book{3DGraphicsRenderingCookbook,
    author = {Sergey Kosarevsky, Viktor Latypov},
    title = {3D Graphics Rendering Cookbook: A comprehensive guide to exploring rendering algorithms in modern OpenGL and Vulkan},
    year = {2021},
    publisher = {Packt Publishing},
}
@book{VulkanCookbook,
    author = {Pawel Lapinski},
    title = {Vulkan Cookbook: Work through recipes to unlock the full potential of the next generation graphics API-Vulkan},
    year = {2017},
    publisher = {Packt Publishing},
}
@book{GameProgrammingPatterns,
    author = {Robert Nystrom},
    title = {Game Programming Patterns},
    year = {2014},
    publisher = {Genever Benning},
}
@book{OpusMagnum,
    author = {Jerzy GrÄ™bosz},
    title = {Opus magnum},
    year = {2020},
    publisher = {Helion},
}
@book{UE4VRProjects,
    author = {Kevin Mack, Robert Ruud},
    title = {Unreal Engine 4 Virtual Reality Projects. Build immersive, real-world VR applications using UE4, C++, and Unreal Blueprints},
    year = {2019},
    publisher = {Packt Publishing},
}
@book{learnopengl,
    author = {Joey de VriesJoey de Vries},
    title = {Learn OpenGL: Learn modern OpenGL graphics programming in a step-by-step fashion},
    year = {2020},
    publisher = {Kendall & Wells},
}
@online{CppCoreGuidelines,
    title = {CppCoreGuidelines},
    url = {https://isocpp.github.io/CppCoreGuidelines/CppCoreGuidelines.html},
    urldate = {2023-12-10}
}
@online{feedingpbr,
    title = {Feeding a physically based shading model},
    url = {https://seblagarde.wordpress.com/2011/08/17/feeding-a-physical-based-lighting-mode/},
    urldate = {2023-12-10}
}
@online{pbrreferences,
    title = {Specular BRDF Reference},
    url = {http://graphicrants.blogspot.com/2013/08/specular-brdf-reference.html},
    urldate = {2023-12-10}
}
@online{hashalgorithm,
    title = {Hash algorithm},
    url = {https://gist.github.com/Lee-R/3839813?permalink_comment_id=4018536#gistcomment-4018536},
    urldate = {2023-12-10}
}
@online{VillageModel,
    title = {Village Model},
    url = {https://www.cgtrader.com/free-3d-models/exterior/historic-exterior/low-poly-game-ready-history-village},
    urldate = {2023-12-11}
}
@online{PolonezModel,
    title = {Polonez Model},
    url = {https://skfb.ly/oMAOG},
    urldate = {2023-12-11}
}
@online{quatToMat,
    title = {Conversion Quaternion to Matrix},
    url = {https://www.euclideanspace.com/maths/geometry/rotations/conversions/quaternionToMatrix/index.htm},
    urldate = {2023-12-11}
}
@online{glm,
    title = {OpenGL Mathematics (GLM)},
    url ={https://github.com/g-truc/glm},
    urldate = {2023-12-11}
}
@online{cpplibs,
    title = {Cpp Libraries},
    url = {https://medium.com/nerd-for-tech/c-libraries-part-i-design-9ed997dca8f3},
    urldate = {2023-12-11}
}
@online{pbrExample,
    title = {Example of PBR from META 3D Studios},
    url = {https://www.meta3dstudios.com/drastically-improve-graphic-quality-using-physically-based-rendering/},
    urldate = {2023-12-11}
}
@online{GridRendering,
    title = {Borderland between Rendering and Editor - Part 1},
    url = {https://ruby0x1.github.io/machinery_blog_archive/post/borderland-between-rendering-and-editor-part-1/index.html},
    urldate = {2023-12-11}
}
@online{OpenXrExamples,
    title = {OpenXR Code Examples and References},
    url = {https://dochavez.github.io/Documenting-with-Docusaurus-V2.-/docs/samplescode/},
    urldate = {2023-12-11}
}
@online{XrDoc,
    title = {The OpenXR Specification},
    url = {https://registry.khronos.org/OpenXR/specs/1.0/html/xrspec.html},
    urldate = {2023-12-11}
}
@online{VkDoc,
    title = {Vulkan Documentation},
    url = {https://docs.vulkan.org/spec/latest/index.html},
    urldate = {2023-12-11}
}
@online{gltf,
    title = {Graphics Library Transmission Format},
    url = {https://en.wikipedia.org/wiki/GlTF},
    urldate = {2023-12-11}
}
@online{multiview,
    title = {VK_KHR_multiview},
    url = {https://registry.khronos.org/vulkan/specs/1.3-extensions/man/html/VK_KHR_multiview.html},
    urldate = {2023-12-11}
}

@online{virtualizer_variables,
    title = {Variables returned by Cyberith Virtualizer 2},
    url = {https://medium.com/cyberith-virtualizer-vr-treadmills/the-cyberith-sdk-for-vr-locomotion-native-sdk-in-c-c-python-27abc86b7663},
    urldate = {2023-12-11}
}
